% This file was created with JabRef 2.3.1.
% Encoding: ISO8859_1

@book{Book_Eric,
  title={The principles of quantitative acoustical imaging},
  author={Gisolf, D. and Verschuur, E.},
  isbn={9789073781931},
  url={https://books.google.nl/books?id=MAiTkQEACAAJ},
  year={2010},
  publisher={EAGE Publ.}
}

@book{Barton,
  title={Elements of Green's Functions and Propagation: Potentials, Diffusion, and Waves},
  author={Barton, G. and Barton, G.},
  isbn={9780198519980},
  lccn={88005224},
  series={Oxford science publications},
  url={https://books.google.nl/books?id=-iPwVGfDtecC},
  year={1989},
  publisher={Clarendon Press}
}

@book{Book_Kees,
  title={Numerical Methods for Ordinary Differential Equations},
  author={Vuik, C. and Vermolen, F.J. and Gijzen, M.B. and Vuik, M.J.},
  isbn={9789065623737},
  url={https://books.google.nl/books?id=-g2TrgEACAAJ},
  year={2015},
  publisher={DAP, Delft Academic Press}
}

@article{Kutscha,
    author = {Kutscha, H.},
    title = {The double focal transformation and its application to data reconstruction},
    year = {2014},
    url = {https://doi.org/10.4233/uuid:14259a8a-8e72-462b-b284-c28e23b3a095}
}

@misc{pol_inter,
    author = "{Wikipedia contributors}",
    title = "Polynomial interpolation --- {Wikipedia}{,} The Free Encyclopedia",
    year = "2022",
    howpublished = "\url{https://en.wikipedia.org/w/index.php?title=Polynomial_interpolation&oldid=1088961459}",
    note = "[Online; accessed 28-May-2022]"
}

@misc{2dpol_inter,
    author = "{Wikipedia contributors}",
    title = "Bilinear interpolation --- {Wikipedia}{,} The Free Encyclopedia",
    year = "2022",
    howpublished = "\url{https://en.wikipedia.org/w/index.php?title=Bilinear_interpolation&oldid=1081914622}",
    note = "[Online; accessed 28-May-2022]"
}

@misc{newton_pol,
    author = "{Wikipedia contributors}",
    title = "Newton polynomial --- {Wikipedia}{,} The Free Encyclopedia",
    year = "2022",
    howpublished = "\url{https://en.wikipedia.org/w/index.php?title=Newton_polynomial&oldid=1090154211}",
    note = "[Online; accessed 28-May-2022]"
}

@article{vandermonde_inv,
    author = {Bender, Carl and Brody, Dorje and Meister, Bernhard},
    title = {Inverse of a Vandermonde matrix},
    url = {https://www.researchgate.net/publication/240061354_Inverse_of_a_Vandermonde_matrix},
    year = {2002},
    month = {01}
}

@article{cotesian1,
    author = {W.M. Johnson},
    year = {2002},
    title = {On Cotesian numbers: their history, computation and values to $n=20$},
    url = {http://oeis.org/A002176/a002176.pdf}
}

@misc{cotesian2,
    TITLE = {Integration of a function approximated by a nth order polynomial},
    AUTHOR = {jorisperrenet (https://math.stackexchange.com/users/1049661/jorisperrenet)},
    HOWPUBLISHED = {Mathematics Stack Exchange},
    URL = {https://math.stackexchange.com/q/4431435}
}

@book{griffel,
  title={Applied Functional Analysis},
  author={Griffel, D.H.},
  isbn={9780486422589},
  lccn={2002017456},
  series={Dover Books on Mathematics},
  url={https://books.google.nl/books?id=iptmm7OJqwAC},
  year={2002},
  publisher={Dover Publications}
}

@book{zettili,
  title={Quantum Mechanics: Concepts and Applications},
  author={Zettili, N.},
  isbn={9780470026786},
  lccn={2008045022},
  url={https://books.google.nl/books?id=6jXlpJCSz98C},
  year={2009},
  publisher={Wiley}
}

@book{electrodynamics,
  title={Introduction to Electrodynamics},
  author={Griffiths, D.J.},
  isbn={9781108420419},
  lccn={98050525},
  url={https://books.google.nl/books?id=ndAoDwAAQBAJ},
  year={2017},
  publisher={Cambridge University Press}
}


@book{bigOnotation,
  title={Data Structures and Algorithms in Java, 6th Edition},
  author={Goodrich, M.T. and Tamassia, R. and Goldwasser, M.H.},
  isbn={9781118803165},
  url={https://books.google.nl/books?id=HTxDAwAAQBAJ},
  year={2014},
  publisher={Wiley Global Education}
}

@MISC {Greens1,
    TITLE = {Method of pole shifting (Feynman's trick) in Scattering theory vs contour deformation trick},
    AUTHOR = {ROBIN RAJ (https://physics.stackexchange.com/users/235379/robin-raj)},
    HOWPUBLISHED = {Physics Stack Exchange},
    URL = {https://physics.stackexchange.com/q/511172}
}

@MISC {Greens2,
    TITLE = {Complex integration by shifting the contour},
    AUTHOR = {DanielSank (https://physics.stackexchange.com/users/31790/danielsank)},
    HOWPUBLISHED = {Physics Stack Exchange},
    URL = {https://physics.stackexchange.com/q/138221}
}

@MISC {Greens3,
    TITLE = {Contour integration and Green's function},
    AUTHOR = {Mikkel Rev (https://math.stackexchange.com/users/128323/mikkel-rev)},
    HOWPUBLISHED = {Mathematics Stack Exchange},
    URL = {https://math.stackexchange.com/q/3908399}
}

@MISC {Greens4,
    TITLE = {Greens function for Helmholtz equation},
    AUTHOR = {mike stone (https://physics.stackexchange.com/users/80687/mike-stone)},
    HOWPUBLISHED = {Physics Stack Exchange},
    URL = {https://physics.stackexchange.com/q/316893}
}

@misc{Greens5,
    author = "{Wikipedia contributors}",
    title = "Propagator --- {Wikipedia}{,} The Free Encyclopedia",
    year = "2022",
    howpublished = "\url{https://en.wikipedia.org/w/index.php?title=Propagator&oldid=1082410447}",
    note = "[Online; accessed 28-May-2022]"
}

@misc{Fourier_transform,
    author = {O. \v Certik},
    title = {Theoretical Physics Reference 0.5 documentation},
    year = "2009-2011",
    howpublished = "\url{https://www.theoretical-physics.net/dev/index.html}",
    note = "[Online; accessed 28-May-2022]"
}

@book{signals_and_systems,
  title={Signals \& Systems},
  author={Oppenheim, A.V. and Willsky, A.S. and Nawab, S.H. and Hamid, with and Young, I.T.},
  isbn={9780138147570},
  lccn={96019945},
  series={Prentice-Hall signal processing series},
  url={https://books.google.nl/books?id=LwQqAQAAMAAJ},
  year={1997},
  publisher={Prentice Hall}
}

@book{Book_Newton,
  title={The Mechanical Universe: Mechanics and Heat, Advanced Edition},
  author={Frautschi, S.C. and Olenick, R.P. and Apostol, T.M. and Goodstein, D.L.},
  isbn={9780521715904},
  lccn={85022361},
  url={https://books.google.nl/books?id=ZTnxQGJ1fHMC},
  year={2007},
  publisher={Cambridge University Press}
}

@book{Book_Newton_2,
  title={Dynamics and Relativity},
  author={McComb, W.D.},
  isbn={9780198501121},
  lccn={99024781},
  url={https://books.google.nl/books?id=REeqQgAACAAJ},
  year={1999},
  publisher={Oxford University Press}
}

@book{complex_jordan,
  title={Complex Variables and Applications},
  author={Brown, J.W. and Churchill, R.V.},
  isbn={9780072878349},
  lccn={2002043104},
  series={Brown-Churchill series},
  url={https://books.google.nl/books?id=4vfuAAAAMAAJ},
  year={2004},
  publisher={McGraw-Hill Higher Education}
}

@ARTICLE{scipy,
  author  = {Virtanen, Pauli and Gommers, Ralf and Oliphant, Travis E. and
            Haberland, Matt and Reddy, Tyler and Cournapeau, David and
            Burovski, Evgeni and Peterson, Pearu and Weckesser, Warren and
            Bright, Jonathan and {van der Walt}, St{\'e}fan J. and
            Brett, Matthew and Wilson, Joshua and Millman, K. Jarrod and
            Mayorov, Nikolay and Nelson, Andrew R. J. and Jones, Eric and
            Kern, Robert and Larson, Eric and Carey, C J and
            Polat, {\.I}lhan and Feng, Yu and Moore, Eric W. and
            {VanderPlas}, Jake and Laxalde, Denis and Perktold, Josef and
            Cimrman, Robert and Henriksen, Ian and Quintero, E. A. and
            Harris, Charles R. and Archibald, Anne M. and
            Ribeiro, Ant{\^o}nio H. and Pedregosa, Fabian and
            {van Mulbregt}, Paul and {SciPy 1.0 Contributors}},
  title   = {{{SciPy} 1.0: Fundamental Algorithms for Scientific
            Computing in Python}},
  journal = {Nature Methods},
  year    = {2020},
  volume  = {17},
  pages   = {261--272},
  adsurl  = {https://rdcu.be/b08Wh},
  doi     = {10.1038/s41592-019-0686-2},
}

@book{integration,
  title={Handbook of Computational Methods for Integration},
  author={Kythe, P.K. and Sch{\"a}ferkotter, M.R.},
  isbn={9780203490303},
  lccn={2004058208},
  url={https://books.google.nl/books?id=Gwygh5csmV4C},
  year={2004},
  publisher={CRC Press}
}

@online{greens_function,
    title={Green's functions: the genius way to solve DEs},
    date={2021},
    organization={YouTube},
    author={Mathemaniac},
    url={https://www.youtube.com/watch?v=ism2SfZgFJg},
}

@online{notation_intuitive,
    title={But what is a partial differential equation? | DE2},
    date={2019},
    organization={YouTube},
    author={3Blue1Brown},
    url={https://youtube.com/watch?v=ly4S0oi3Yz8},
}

@online{Greens0,
    title={Green's Functions Tutorial: Introduction to Green's Functions},
    url={https://web.archive.org/web/20110905015156/http://www.boulder.nist.gov/div853/greenfn/tutorial.html},
}

@online{stirling_def,
    author={E.W. Weisstein},
    title={Stirling Number of the First Kind},
    url={https://mathworld.wolfram.com/StirlingNumberoftheFirstKind.html},
    organization={MathWorld -- A Wolfram Web Resource}
}

@online{stirling_vandermonde,
    url={https://proofwiki.org/wiki/Inverse_of_Vandermonde_Matrix},
    author={Pr$\infty$fWiki},
    note = {[Online; accessed 10-Jun-2022]}
}
