@online{stirling_def,
    author={E.W. Weisstein},
    title={Stirling Number of the First Kind},
    url={https://mathworld.wolfram.com/StirlingNumberoftheFirstKind.html},
    organization={MathWorld -- A Wolfram Web Resource}
}

@online{stirling_vandermonde,
    url={https://proofwiki.org/wiki/Inverse_of_Vandermonde_Matrix},
    author={Pr$\infty$fWiki},
    note = {[Online; accessed 10-Jun-2022]}
}
